%% This BibTeX bibliography file was created using BibDesk.
%% https://bibdesk.sourceforge.io/

%% Created for Cameron Gray at 2021-05-28 18:38:17 -0500 


%% Saved with string encoding Unicode (UTF-8) 



@article{bossert,
	Author = {Walter Bossert, Prasanta K. Pattanaik, Yongsheng Xu},
	Date-Added = {2021-05-28 23:35:53 +0000},
	Date-Modified = {2021-05-28 23:37:37 +0000},
	Journal = {Journal of Economic Theory},
	Pages = {326-345},
	Title = {Ranking Opportunity Sets: An Axiomatic Approach},
	Volume = {63},
	Year = {1994}}

@misc{ILP,
	Author = {Wikipedia contributors},
	Date-Added = {2021-05-28 23:32:08 +0000},
	Date-Modified = {2021-05-28 23:35:32 +0000},
	Keywords = {Online},
	Lastchecked = {accessed 28-May-2021},
	Title = {Linear programming --- {Wikipedia}{,} The Free Encyclopedia},
	Url = {https://en.wikipedia.org/w/index.php?title=Linear_programming&oldid=1024775941},
	Year = {2021}}

@unpublished{w6,
	Author = {Luciano Pomatto},
	Date-Added = {2021-05-28 23:30:45 +0000},
	Date-Modified = {2021-05-28 23:31:59 +0000},
	Note = {Course materials for Ec 117, Spring 2021},
	Title = {Ec 117 Week6: Random Allocation}}

@unpublished{w5b,
	Author = {Luciano Pomatto},
	Date-Added = {2021-05-28 23:29:23 +0000},
	Date-Modified = {2021-05-28 23:30:44 +0000},
	Note = {Course materials for Ec 117, Spring 2021},
	Title = {Ec 117 Week5-b: School Choice}}

@unpublished{hmc,
    key = {hmc},
	Author = {Harvey Mudd CS Department},
	Date-Added = {2021-05-28 23:26:54 +0000},
	Date-Modified = {2021-05-28 23:28:59 +0000},
	Note = {Document for Harvey Mudd CS Students},
	Title = {HMC CS Course Preplacement (for Fall '21 courses)},
	Year = {2021}}
